@misc{biocaster,
  author= {{BioCaster}}, 
  title={BioCaster}, 
  url       = {http://biocaster.org/}, 
  year      = {2023},
  journal   = {biocaster.org},
  urldate   = {2023-02-05}
}

@misc{newspaper3k,
  author    = {Lucas Ou-Yang}, 
  title     = {Newspaper3k: Article scraping & curation}, 
  url       = {https://github.com/codelucas/newspaper}, 
  year      = {2020},
  urldate   = {2023-02-06}
}

@misc{news-please,
  author    = {Felix Hamborg}, 
  title     = {news-please}, 
  url       = {https://github.com/fhamborg/news-please}, 
  year      = {2022},
  urldate   = {2023-02-06}
}

@misc{newscatcher,
  author    = {Artem Bugara and Maksym Sugonyaka}, 
  title     = {NewsCatcher News API}, 
  url       = {https://newscatcherapi.com/news-api}, 
  year      = {2023},
  urldate   = {2023-02-06}
}

@misc{pygooglenews,
  author    = {Artem Bugara}, 
  title     = {pygooglenews}, 
  url       = {https://github.com/kotartemiy/pygooglenews}, 
  year      = {2021},
  urldate   = {2023-02-06}
}

@misc{ourworldindata_density,
  author    = {{Our World in Data}}, 
  title     = {Population density, 2022}, 
  url       = {https://ourworldindata.org/grapher/population-density}, 
  year      = {2022},
  journal   = {Ourworldindata.org},
  urldate   = {2023-02-06}
}

@misc{ons_density,
  author    = {{Office for National Statistics}}, 
  title     = {Population density - Census Maps, ONS}, 
  url       = {https://www.ons.gov.uk/census/maps/choropleth/population/population-density/population-density/persons-per-square-kilometre}, 
  year      = {2022},
  journal   = {ons.gov.uk},
  urldate   = {2023-02-06}
}

@misc{elastic_stack,
  author    = {{Elastic}}, 
  title     = {Elastic Stack: Elasticsearch, Kibana, Beats & Logstash | Elastic}, 
  url       = {https://www.elastic.co/elastic-stack/}, 
  year      = {2023},
  urldate   = {2023-02-06}
}

@misc{elastic_stack,
  author    = {{Elastic}}, 
  title     = {Elastic Stack: Elasticsearch, Kibana, Beats & Logstash | Elastic}, 
  url       = {https://www.elastic.co/elastic-stack/}, 
  year      = {2023},
  urldate   = {2023-02-06}
}

@Article{Hunter:2007,
  Author    = {Hunter, J. D.},
  Title     = {Matplotlib: A 2D graphics environment},
  Journal   = {Computing in Science \& Engineering},
  Volume    = {9},
  Number    = {3},
  Pages     = {90--95},
  abstract  = {Matplotlib is a 2D graphics package used for Python for
  application development, interactive scripting, and publication-quality
  image generation across user interfaces and operating systems.},
  publisher = {IEEE COMPUTER SOC},
  doi       = {10.1109/MCSE.2007.55},
  year      = 2007
}

@misc{geoplotlib,
  author    = {Andrea Cuttone}, 
  title     = {geoplotlib}, 
  url       = {https://github.com/andrea-cuttone/geoplotlib}, 
  year      = {2019},
  urldate   = {2023-02-06}
}




@inproceedings{Pey17,
  author    = {Simon {Peyton Jones}},
  title     = {How to Write a Great Research Paper},
  booktitle = {2017 Imperial College Computing Student Workshop, {ICCSW} 2017, September
               26-27, 2017, London, {UK}},
  pages     = {1:1--1:1},
  year      = {2017},    
  
}

@book{Wil09,
  title={Style: the basics of clarity and grace},
  author={Williams, Joseph M and Bizup, Joseph},
  year={2009},
  publisher={Pearson Longman}
}

@article{meng2022biocaster,
  title={BioCaster in 2021: automatic disease outbreaks detection from global news media},
  author={Meng, Zaiqiao and Okhmatovskaia, Anya and Polleri, Maxime and Shen, Yannan and Powell, Guido and Fu, Zihao and Ganser, Iris and Zhang, Meiru and King, Nicholas B and Buckeridge, David and others},
  journal={Bioinformatics},
  volume={38},
  number={18},
  pages={4446--4448},
  year={2022},
  publisher={Oxford University Press}
}

@article{collier2011towards,
  title={Towards cross-lingual alerting for bursty epidemic events},
  author={Collier, Nigel},
  journal={Journal of Biomedical Semantics},
  volume={2},
  number={5},
  pages={1--11},
  year={2011},
  publisher={BioMed Central}
}

@article{collier2008biocaster,
  title={BioCaster: detecting public health rumors with a Web-based text mining system},
  author={Collier, Nigel and Doan, Son and Kawazoe, Ai and Goodwin, Reiko Matsuda and Conway, Mike and Tateno, Yoshio and Ngo, Quoc-Hung and Dien, Dinh and Kawtrakul, Asanee and Takeuchi, Koichi and others},
  journal={Bioinformatics},
  volume={24},
  number={24},
  pages={2940--2941},
  year={2008},
  publisher={Oxford University Press}
}

@article{gu2021domain,
  title={Domain-specific language model pretraining for biomedical natural language processing},
  author={Gu, Yu and Tinn, Robert and Cheng, Hao and Lucas, Michael and Usuyama, Naoto and Liu, Xiaodong and Naumann, Tristan and Gao, Jianfeng and Poon, Hoifung},
  journal={ACM Transactions on Computing for Healthcare (HEALTH)},
  volume={3},
  number={1},
  pages={1--23},
  year={2021},
  publisher={ACM New York, NY}
}

@article{sung2020biomedical,
  title={Biomedical entity representations with synonym marginalization},
  author={Sung, Mujeen and Jeon, Hwisang and Lee, Jinhyuk and Kang, Jaewoo},
  journal={arXiv preprint arXiv:2005.00239},
  year={2020}
}

@article{zhang2009automatic,
  title={Automatic online news monitoring and classification for syndromic surveillance},
  author={Zhang, Yulei and Dang, Yan and Chen, Hsinchun and Thurmond, Mark and Larson, Cathy},
  journal={Decision Support Systems},
  volume={47},
  number={4},
  pages={508--517},
  year={2009},
  publisher={Elsevier}
}